001  0000126
005  20170816150507.671
008  170704s||||     bl|||||||||||||||||por|u
020    $a 8515005034
040    $aPorto Alegre$bpor
090    $a291.j$bU57e$c2 ed.
100 1  $aUnger, Nancy Mangabeira
245 10 $aO encantamento do humano$bEcologia e espiritualidade$cNancy Mangabeira Unger
260    $aSão Paulo$bLoyola$c2000
300    $a94 p.
490 0  $v2 ed.
650    $aNatureza
650    $aAuto-ajuda
650    $aBiocentrismo
650    $aHumanismo
650    $aReligião
650    $aEcologia
650    $aEspiritualidade
